@inproceedings{knowwhatyoudont,
  author    = {Pranav Rajpurkar and Robin Jia and Percy Liang},
  title     = {Know What You Don’t Know: Unanswerable Questions},
  month     = {July},
  address   = {Melbourne, Australia},
  year      = {2018},
  url       = {https://aclanthology.org/P18-2124},
  note      = {Accessed: 2024-12-02},
  publisher = {Association for Computational Linguistics},
  booktitle = {Proceedings of the 56th Annual Meeting of the Association for Computational Linguistics (Volume 2: Short Papers)},
  pages     = {784-789}
}

@inproceedings{impactsofunanswerable,
  author    = {Son Quoc Tran and Phong Nguyen-Thuan Do and Uyen Le and Matt Kretchmar},
  title     = {The Impacts of Unanswerable Questions on the Robustness of Machine Reading Comprehension Models},
  year      = {2023},
  month     = {May},
  url       = {https://aclanthology.org/2023.eacl-main.113},
  note      = {Accessed: 2024-12-02},
  pages     = {1543–1557},
  address   = {Dubrovnik, Croatia},
  booktitle = {Proceedings of the 17th Conference of the European Chapter of the Association for Computational Linguistics},
  publisher = {Association for Computational Linguistics},
}

@inproceedings{questionanswering,
  author    = {Najoung Kim, Phu Mon Htut and Samuel R. Bowman and Jackson Petty},
  title     = {Question-Answering with Questionable Assumptions},
  month     = {July},
  year      = {2023},
  booktitle = {Proceedings of the 61st Annual Meeting of the Association for Computational Linguistics (Volume 1: Long Papers)},
  url       = {https://aclanthology.org/2023.acl-long.472},
  pages     = {8466–8487},
  publisher = {Association for Computational Linguistics},
  note      = {Accessed: 2024-12-02},
  address   = {Toronto, Canada}
}


@inproceedings{informationseeking,
  author    = {Akari Asai and Eunsol Choi},
  title     = {Challenges in Information-Seeking QA: Unanswerable Questions and Paragraph Retrieval},
  year      = {2021},
  month     = {August},
  booktitle = {Proceedings of the 59th Annual Meeting of the Association for Computational Linguistics and the 11th International Joint Conference on Natural Language Processing (Volume 1: Long Papers)},
  url       = {https://aclanthology.org/2021.acl-long.118},
  publisher = {Association for Computational Linguistics},
  pages     = {1492–1504},
  note      = {Accessed: 2024-12-02},
  address   = {Online}
}


@inproceedings{Hao2020,
  author    = {Hao and Ke and others},
  title     = {Algorithmic Amplification of Biases on Google Search},
  year      = {2020},
  url       = {https://arxiv.org/abs/2401.09044},
  note      = {Accessed: 2024-12-02}
}

@inproceedings{sulem2021,
  author    = {Elior Sulem and Jamaal Hay and Roth Dan},
  title     = {Do we know what we don’t know? studying unanswerable questions beyond SQuAD 2.0},
  url       = {https://aclanthology.org/2021.findings-emnlp.385},
  booktitle = {Findings of the Association for Computational Linguistics: EMNLP 2021},
  address   = {Punta Cana, Dominican Republic},
  pages     = {4543–4548},
  publisher = {Association for Computational Linguistics},
  month     = {November},
  year      = {2021},
  note      = {Accessed: 2024-12-02}
}


